%YAML 1.1
%TAG !u! tag:unity3d.com,2011:
--- !u!1001 &100100000
Prefab:
  m_ObjectHideFlags: 1
  serializedVersion: 2
  m_Modification:
    m_TransformParent: {fileID: 0}
    m_Modifications: []
    m_RemovedComponents: []
  m_ParentPrefab: {fileID: 0}
  m_RootGameObject: {fileID: 1344787345247004}
  m_IsPrefabParent: 1
--- !u!1 &1344787345247004
GameObject:
  m_ObjectHideFlags: 0
  m_PrefabParentObject: {fileID: 0}
  m_PrefabInternal: {fileID: 100100000}
  serializedVersion: 5
  m_Component:
  - component: {fileID: 4033858379318272}
  - component: {fileID: 114085119573380484}
  - component: {fileID: 114539170120869132}
  m_Layer: 0
  m_Name: GoneFishing3
  m_TagString: Untagged
  m_Icon: {fileID: 0}
  m_NavMeshLayer: 0
  m_StaticEditorFlags: 0
  m_IsActive: 1
--- !u!4 &4033858379318272
Transform:
  m_ObjectHideFlags: 1
  m_PrefabParentObject: {fileID: 0}
  m_PrefabInternal: {fileID: 100100000}
  m_GameObject: {fileID: 1344787345247004}
  m_LocalRotation: {x: 0, y: 0, z: 0, w: 1}
  m_LocalPosition: {x: 0, y: 0, z: 0}
  m_LocalScale: {x: 1, y: 1, z: 1}
  m_Children: []
  m_Father: {fileID: 0}
  m_RootOrder: 0
  m_LocalEulerAnglesHint: {x: 0, y: 0, z: 0}
--- !u!114 &114085119573380484
MonoBehaviour:
  m_ObjectHideFlags: 1
  m_PrefabParentObject: {fileID: 0}
  m_PrefabInternal: {fileID: 100100000}
  m_GameObject: {fileID: 1344787345247004}
  m_Enabled: 1
  m_EditorHideFlags: 0
  m_Script: {fileID: 11500000, guid: 66ed5b6913b4bf54cad6a0497e52ddfa, type: 3}
  m_Name: 
  m_EditorClassIdentifier: 
  screens:
  - name: Screen1
    background: {fileID: 21300000, guid: a6aab7847230c422c85efcf7960e43e4, type: 3}
    character: Tiger
  - name: Screen2
    background: {fileID: 21300000, guid: a6aab7847230c422c85efcf7960e43e4, type: 3}
    character: Bunny
  - name: Screen3
    background: {fileID: 21300000, guid: 9ba72af3fb1a88040a3cc6ce9d145e07, type: 3}
    character: 
  characters:
  - name: Tiger
    images:
    - name: Neutral
      image: {fileID: 21300000, guid: 9831d3ca253f9438786740215190c68d, type: 3}
    - name: Happy
      image: {fileID: 21300000, guid: ee8f8dad245564044b8a1fc082b4de99, type: 3}
    - name: Sad
      image: {fileID: 21300000, guid: 39712329d4b7e4d7696b2f74fbca4007, type: 3}
    - name: Angry
      image: {fileID: 21300000, guid: cd7e8de4033d74f6da69cab3d2adad6c, type: 3}
  - name: Bunny
    images:
    - name: Neutral
      image: {fileID: 21300000, guid: cc51967b79ae645bc9a4a7f3631d81a8, type: 3}
    - name: Happy
      image: {fileID: 21300000, guid: 89861a268a050495398622e9a78b62e7, type: 3}
    - name: Sad
      image: {fileID: 21300000, guid: 37c863e24f55f4692ace76816a062479, type: 3}
    - name: Angry
      image: {fileID: 21300000, guid: 618c77fa7d9c64df1ae92e9411b83399, type: 3}
--- !u!114 &114539170120869132
MonoBehaviour:
  m_ObjectHideFlags: 1
  m_PrefabParentObject: {fileID: 0}
  m_PrefabInternal: {fileID: 100100000}
  m_GameObject: {fileID: 1344787345247004}
  m_Enabled: 1
  m_EditorHideFlags: 0
  m_Script: {fileID: 11500000, guid: ef79048b7cba845229bbed2e170ad2e6, type: 3}
  m_Name: 
  m_EditorClassIdentifier: 
  AutoPlay: 1
  StartPassage: Scenario 3
  AdditionalCues: []
  DebugMode: 0
