%YAML 1.1
%TAG !u! tag:unity3d.com,2011:
--- !u!1001 &100100000
Prefab:
  m_ObjectHideFlags: 1
  serializedVersion: 2
  m_Modification:
    m_TransformParent: {fileID: 0}
    m_Modifications: []
    m_RemovedComponents: []
  m_ParentPrefab: {fileID: 0}
  m_RootGameObject: {fileID: 1344787345247004}
  m_IsPrefabParent: 1
--- !u!1 &1344787345247004
GameObject:
  m_ObjectHideFlags: 0
  m_PrefabParentObject: {fileID: 0}
  m_PrefabInternal: {fileID: 100100000}
  serializedVersion: 5
  m_Component:
  - component: {fileID: 4033858379318272}
  - component: {fileID: 114085119573380484}
  - component: {fileID: 114280894114319320}
  m_Layer: 0
  m_Name: PizzaScenario
  m_TagString: Untagged
  m_Icon: {fileID: 0}
  m_NavMeshLayer: 0
  m_StaticEditorFlags: 0
  m_IsActive: 1
--- !u!4 &4033858379318272
Transform:
  m_ObjectHideFlags: 1
  m_PrefabParentObject: {fileID: 0}
  m_PrefabInternal: {fileID: 100100000}
  m_GameObject: {fileID: 1344787345247004}
  m_LocalRotation: {x: 0, y: 0, z: 0, w: 1}
  m_LocalPosition: {x: 0, y: 0, z: 0}
  m_LocalScale: {x: 1, y: 1, z: 1}
  m_Children: []
  m_Father: {fileID: 0}
  m_RootOrder: 0
  m_LocalEulerAnglesHint: {x: 0, y: 0, z: 0}
--- !u!114 &114085119573380484
MonoBehaviour:
  m_ObjectHideFlags: 1
  m_PrefabParentObject: {fileID: 0}
  m_PrefabInternal: {fileID: 100100000}
  m_GameObject: {fileID: 1344787345247004}
  m_Enabled: 1
  m_EditorHideFlags: 0
  m_Script: {fileID: 11500000, guid: 66ed5b6913b4bf54cad6a0497e52ddfa, type: 3}
  m_Name: 
  m_EditorClassIdentifier: 
  screens:
  - name: Elina
    background: {fileID: 21300000, guid: dfea4889e280fce47aee78dfda36e096, type: 3}
    character: Elina
  - name: Ville
    background: {fileID: 21300000, guid: dfea4889e280fce47aee78dfda36e096, type: 3}
    character: Ville
  - name: Heidi
    background: {fileID: 21300000, guid: dfea4889e280fce47aee78dfda36e096, type: 3}
    character: Heidi
  - name: ChoosePerson
    background: {fileID: 21300000, guid: 15531fe7ba686754f968c0e8e1588269, type: 3}
    character: 
  - name: StartScreen
    background: {fileID: 21300000, guid: b5ed36ab5606edf4c980ae5b81d08ab1, type: 3}
    character: 
  - name: Timo
    background: {fileID: 21300000, guid: dfea4889e280fce47aee78dfda36e096, type: 3}
    character: Timo
  - name: Twins
    background: {fileID: 21300000, guid: dfea4889e280fce47aee78dfda36e096, type: 3}
    character: Twins
  characters:
  - name: Elina
    images:
    - name: Default
      image: {fileID: 21300000, guid: 20cdb3b8a5c066245b2132c220b8f3c0, type: 3}
    - name: No
      image: {fileID: 21300000, guid: 47af585993187be4dbfc9c3c5c6b4bf3, type: 3}
    - name: Eating
      image: {fileID: 21300000, guid: fe2a74e8d0203434699e35292eda7de4, type: 3}
  - name: Ville
    images:
    - name: Default
      image: {fileID: 21300000, guid: 9f8a3aba20808254fbd48717f09e2d1b, type: 3}
    - name: Thinking
      image: {fileID: 21300000, guid: 03a08a4da89d63747b0a41c5143df860, type: 3}
    - name: Hoho
      image: {fileID: 21300000, guid: 38facb1af8b679946984ad250552bfdd, type: 3}
    - name: Lol
      image: {fileID: 21300000, guid: c96c04ea65dfe1545928d6903a7e7209, type: 3}
  - name: Heidi
    images:
    - name: Default
      image: {fileID: 21300000, guid: a2df0570374c5ce43962a885c7fa4861, type: 3}
    - name: NotMe
      image: {fileID: 21300000, guid: 941f1bb6add0dc74e95e54869f66bf85, type: 3}
    - name: Ouh
      image: {fileID: 21300000, guid: 01691d79bbbcd5d4cac5be900b2ffd9f, type: 3}
  - name: Timo
    images:
    - name: Default
      image: {fileID: 21300000, guid: 5d196656508799b408736369968142d7, type: 3}
    - name: Poker1
      image: {fileID: 21300000, guid: 513425023e8715d449527682d4381f06, type: 3}
    - name: Poker2
      image: {fileID: 21300000, guid: d71d29651582bfc47ae9c6130a4d3fc5, type: 3}
  - name: Twins
    images:
    - name: Default
      image: {fileID: 21300000, guid: bcc256cc1ea14374ab570e12f527b5e9, type: 3}
    - name: AllOkay
      image: {fileID: 21300000, guid: a30a8c30ba06b7144a21a220c21e9175, type: 3}
    - name: Pointing
      image: {fileID: 21300000, guid: 8b1f08a9e4bc12344875e0b10e1c29c2, type: 3}
    - name: PointingMore
      image: {fileID: 21300000, guid: 2ac9047de1256fe45be193a9a8634861, type: 3}
--- !u!114 &114280894114319320
MonoBehaviour:
  m_ObjectHideFlags: 1
  m_PrefabParentObject: {fileID: 0}
  m_PrefabInternal: {fileID: 100100000}
  m_GameObject: {fileID: 1344787345247004}
  m_Enabled: 1
  m_EditorHideFlags: 0
  m_Script: {fileID: 11500000, guid: e01f8a2196e9f0d45a12c6153f71d393, type: 3}
  m_Name: 
  m_EditorClassIdentifier: 
  AutoPlay: 1
  StartPassage: Start
  AdditionalCues: []
  DebugMode: 0
